@article{frankProblems,
  author = {Frank, Maurice and Ilse, Maximilian},
  title = {Problems Using Deep Generative Models for Audio Source Separation},
  journal={PMLR, NeurIPS2020 ICBINB Workshop (Spotlight)},
  address={},
  year={2020},
  month={12},
  url={http://proceedings.mlr.press/v137/frank20a/frank20a.pdf}
}